@article{Chandrasekhar1964a,
  title={Dynamical Instability of Gaseous Masses Approaching the Schwarzschild Limit in General Relativity},
  author={S. Chandrasekhar},
  journal={Physical Review Letters},
  volume={12},
  number={4},
  pages={114},
  year={1964},
  publisher={APS}
}

@article{Chandrasekhar1964b,
  title={A General Variational Principle Governing the Radial and the Non-Radial Oscillations of Gaseous Masses.},
  author={Chandrasekhar, S},
  journal={The Astrophysical Journal},
  volume={139},
  pages={664},
  year={1964}
}

@article{Tooper1964b,
  title={General Relativistic Polytropic Fluid Spheres.},
  author={Tooper, Robert F},
  journal={The Astrophysical Journal},
  volume={140},
  pages={434},
  year={1964}
}

@article{Tooper1965,
  title={Adiabatic Fluid Spheres in General Relativity.},
  author={Tooper, Robert F},
  journal={The Astrophysical Journal},
  volume={142},
  pages={1541},
  year={1965}
}


@phdthesis{Bardeen1965,
  title={Stability and dynamics of spherically symmetric masses in general relativity},
  author={Bardeen, James Maxwell},
  year={1965},
  school={California Institute of Technology}
}

@article{FriedmanSchutz1975,
  title={On the stability of relativistic systems},
  author={Friedman, J. L. and Schutz, B. F.},
  journal={The Astrophysical Journal},
  volume={200},
  pages={204--220},
  year={1975}
}

@inproceedings{Bondi1964B,
  title={Massive Spheres in General elativity},
  author={Bondi, H},
  booktitle={Proceedings of the Royal Society of London A: Mathematical, Physical and Engineering Sciences},
  volume={282},
  number={1390},
  pages={303--317},
  year={1964},
  organization={The Royal Society}
}

@article{Kovetz1967,
  title={Schwarzschild's Criterion for Convective Instability in General Relativity},
  author={Kovetz, A},
  journal={Zeitschrift fur Astrophysik},
  volume={66},
  pages={446},
  year={1967}
}

@article{Thorne1966,
  title={Validity in general relativity of the Schwarzschild criterion for convection},
  author={Thorne, Kip S},
  journal={The Astrophysical Journal},
  volume={144},
  pages={201},
  year={1966}
}

@article{Herrera1992,
  title={Cracking of self-gravitating compact objects},
  author={Herrera, L},
  journal={Physics Letters A},
  volume={165},
  number={3},
  pages={206--210},
  year={1992},
  publisher={Elsevier}
}

@article{DiPrisco1994,
  title={Tidal forces and fragmentation of self-gravitating compact objects},
  author={Di Prisco, A and Fuenmayor, E and Herrera, L and Varela, V},
  journal={Physics Letters A},
  volume={195},
  number={1},
  pages={23--26},
  year={1994},
  publisher={Elsevier}
}

@article{DiPrisco1997,
  title={Cracking of homogeneous self-gravitating compact objects induced by fluctuations of local anisotropy},
  author={Di Prisco, A and Herrera, L and Varela, V},
  journal={General Relativity and Gravitation},
  volume={29},
  number={10},
  pages={1239--1256},
  year={1997},
  publisher={Springer}
}

@article{HerreraFuenmayorLeon2016,
  title={Cracking of general relativistic anisotropic polytropes},
  author={Herrera, L and Fuenmayor, E and Leon, P},
  journal={Physical Review D},
  volume={93},
  number={2},
  pages={024047},
  year={2016},
  publisher={APS}
}

@article{AbreuHernandezNunez2007b,
  title={Sound speeds, cracking and the stability of self-gravitating anisotropic compact objects},
  author={Abreu, H and Hernandez, H and Núñez, LA},
  journal={Classical and Quantum Gravity},
  volume={24},
  number={18},
  pages={4631},
  year={2007},
  publisher={IOP Publishing}
}

@inproceedings{GonzalezNavarroNunez2015,
  title={Cracking of anisotropic spheres in general relativity revisited},
  author={Gonz{\'a}lez, Guillermo and Navarro, Anamar{\'\i}a and N{\'u}{\~n}ez, Luis A},
  booktitle={Journal of Physics: Conference Series},
  volume={600},
  number={1},
  pages={012014},
  year={2015},
  organization={IOP Publishing}
}

@incollection{friedman2014instabilities,
  title={Instabilities of relativistic stars},
  author={Friedman, John L and Stergioulas, Nikolaos},
  booktitle={General Relativity, Cosmology and Astrophysics},
  pages={427--458},
  year={2014},
  publisher={Springer}
}

@article{horvat2010radial,
  title={Radial pulsations and stability of anisotropic stars with a quasi-local equation of state},
  author={Horvat, Dubravko and Iliji{\'c}, Sa{\v{s}}a and Marunovi{\'c}, Anja},
  journal={Classical and quantum gravity},
  volume={28},
  number={2},
  pages={025009},
  year={2010},
  publisher={IOP Publishing}
}

@article{thirukkanesh2008charged,
  title={Charged anisotropic matter with a linear equation of state},
  author={Thirukkanesh, S and Maharaj, SD},
  journal={Classical and Quantum Gravity},
  volume={25},
  number={23},
  pages={235001},
  year={2008},
  publisher={IOP Publishing}
}

@article{sulaksono2015anisotropic,
  title={Anisotropic pressure and hyperons in neutron stars},
  author={Sulaksono, A},
  journal={International Journal of Modern Physics E},
  volume={24},
  number={01},
  pages={1550007},
  year={2015},
  publisher={World Scientific}
}

@book{callen1960thermodynamics,
  title={Thermodynamics},
  author={Callen, Herbert B},
  year={1960},
  publisher={Wiley and Sons, New York}
}

@article{hernandez2018convection,
  title={Convection and cracking stability of spheres in general relativity},
  author={Hern{\'a}ndez, H{\'e}ctor and N{\'u}{\~n}ez, Luis A and V{\'a}squez-Ram{\'\i}rez, Adriana},
  journal={The European Physical Journal C},
  volume={78},
  number={11},
  pages={883},
  year={2018},
  publisher={Springer}
}

@article{herrera2013general,
  title={General relativistic polytropes for anisotropic matter: The general formalism and applications},
  author={Herrera, L and Barreto, W},
  journal={Physical Review D},
  volume={88},
  number={8},
  pages={084022},
  year={2013},
  publisher={APS}
}

@article{ivanov2017analytical,
  title={Analytical study of anisotropic compact star models},
  author={Ivanov, BV},
  journal={The European Physical Journal C},
  volume={77},
  number={11},
  pages={738},
  year={2017},
  publisher={Springer}
}


@article{sharif2018cracking,
  title={Cracking in anisotropic polytropic models},
  author={Sharif, M and Sadiq, Sobia},
  journal={Modern Physics Letters A},
  volume={33},
  number={24},
  pages={1850139},
  year={2018},
  publisher={World Scientific}
}

@article{silbar2005erratum,
  title={Erratum:“Neutron stars for undergraduates”[Am. J. Phys. 72 (7), 892--905 (2004)]},
  author={Silbar, Richard R and Reddy, Sanjay},
  journal={American journal of physics},
  volume={73},
  number={3},
  pages={286--286},
  year={2005},
  publisher={AAPT}
}

@article{tooper1964stability,
  title={Stability of Massive Stars in General Relativity.},
  author={Tooper, Robert F},
  journal={The Astrophysical Journal},
  volume={140},
  pages={811--814},
  year={1964}
}

@article{delgaty1998physical,
  title={Physical acceptability of isolated, static, spherically symmetric, perfect fluid solutions of Einstein's equations},
  author={Delgaty, MSR and Lake, Kayll},
  journal={Computer Physics Communications},
  volume={115},
  number={2-3},
  pages={395--415},
  year={1998},
  publisher={Elsevier}
}

@book{chandrasekhar1957introduction,
  title={An introduction to the study of stellar structure},
  author={Chandrasekhar, Subrahmanyan},
  volume={2},
  year={1957},
  publisher={Courier Corporation}
}

@article{bludman1973stability,
  title={Stability of general-relativistic polytropes},
  author={Bludman, SA},
  journal={The Astrophysical Journal},
  volume={183},
  pages={637--648},
  year={1973}
}

@article{nilsson2000general,
  title={General relativistic stars: polytropic equations of state},
  author={Nilsson, Ulf S and Uggla, Claes},
  journal={Annals of Physics},
  volume={286},
  number={2},
  pages={292--319},
  year={2000},
  publisher={Elsevier}
}

@article{maeda2002no,
  title={No go theorem for kinematic self-similarity with a polytropic equation of state},
  author={Maeda, Hideki and Harada, Tomohiro and Iguchi, Hideo and Okuyama, Naoya},
  journal={Physical Review D},
  volume={66},
  number={2},
  pages={027501},
  year={2002},
  publisher={APS}
}

@article{araujo2011newtonian,
  title={Newtonian and relativistic polytropes},
  author={F. Araújo and C. Chirenti},
  journal={arXiv preprint arXiv:1102.2393},
  year={2011}
}